<?xml version="1.0" encoding="UTF-8"?><collection xmlns="http://www.loc.gov/MARC21/slim"><record><leader>00335nam--2200121-i-4500</leader><controlfield tag="001">000048051</controlfield><controlfield tag="002">20161230</controlfield><controlfield tag="005">20161230201046</controlfield><controlfield tag="008">060222s1000------------r-----000-0-eng-d</controlfield><datafield ind1=" " ind2=" " tag="100"><subfield code="a">Zinn, Walter H., Dietrich Joseph R</subfield></datafield><datafield ind1=" " ind2=" " tag="245"><subfield code="a">Solid fuel reactors</subfield></datafield><datafield ind1=" " ind2=" " tag="260"><subfield code="a">Reading/Mass. Addison-wesley Publ.Col.,1958, 844p. Cu Figuri</subfield></datafield><datafield ind1=" " ind2=" " tag="852"><subfield code="a">13817</subfield></datafield></record></collection>